<?xml version="1.0" encoding="UTF-8"?><collection xmlns="http://www.loc.gov/MARC21/slim"><record><leader>00396nam--2200145-i-4500</leader><controlfield tag="001">000012474</controlfield><controlfield tag="002">20161230</controlfield><controlfield tag="005">20170304142124</controlfield><controlfield tag="008">060222s1000------------r-----000-0-eng-d</controlfield><datafield ind1=" " ind2=" " tag="100"><subfield code="a">Crisan, Mariana</subfield></datafield><datafield ind1=" " ind2=" " tag="245"><subfield code="a">Scheme logice. Suport de curs. Pentru uz intern</subfield></datafield><datafield ind1=" " ind2=" " tag="260"><subfield code="a">Bucuresti</subfield><subfield code="b">Ministerull Muncii, Icop, Cepeca</subfield><subfield code="c">1971</subfield></datafield><datafield ind1=" " ind2=" " tag="300"><subfield code="a">25 p</subfield></datafield><datafield ind1=" " ind2=" " tag="852"><subfield code="a">519.683.2</subfield></datafield><datafield ind1=" " ind2=" " tag="CAT"><subfield code="a">SYS</subfield><subfield code="c">20170304</subfield><subfield code="h">142124</subfield></datafield></record></collection>